@article{Delgado-arredondo2017,
author = {Delgado-arredondo, Paulo Antonio and Morinigo-sotelo, Daniel and Osornio-rios, Roque Alfredo and Avina-cervantes, Juan Gabriel and Rostro-gonzalez, Horacio and Romero-troncoso, Rene De Jesus},
file = {:C$\backslash$:/Users/aow/Desktop/elsevier/2016{\_}Methodology for fault detection in induction motors via sound and vibration.pdf:pdf},
journal = {Mech. Syst. Signal Process.},
pages = {568--589},
title = {{Methodology for Fault Detection in Induction Motors via Sound and Vibration Signals}},
volume = {83},
year = {2017}
}
@article{Bessam2016,
author = {Bessam, B and Menacer, A and Boumehraz, M and Cherif, H},
file = {:C$\backslash$:/Users/aow/Desktop/elsevier/2016{\_}Detection of broken rotor bar faults in induction motor at low load.pdf:pdf},
journal = {ISA Transactions journal},
pages = {241--246},
title = {{Detection of Broken Rotor Bar Faults in Induction Motor at Low Load using Neural Network}},
volume = {64},
year = {2016}
}
@article{Cunha2016,
author = {Cunha, Rodrigo H and Ivan, N and Goedtel, Alessandro and Godoy, Wagner F},
file = {:C$\backslash$:/Users/aow/Desktop/elsevier/2016{\_}A novel multi-agent approach to identify faults in line connected.pdf:pdf},
journal = {Applied Soft Computing},
keywords = {three-phase induction motor,tim},
pages = {1--10},
title = {{A Novel Multi-agent Approach to Identify Faults in Line Connected Three-phase Induction Motors}},
volume = {45},
year = {2016}
}
@article{Khater2016,
author = {Khater, Faeka M H and El-sebah, Mohamed I Abu and Osama, Mohamed and Sakkoury, Khaled S},
file = {:C$\backslash$:/Users/aow/Desktop/elsevier/2016{\_}Proposed fault diagnostics of a broken rotor bar induction motor fed.pdf:pdf},
journal = {Journal of Electrical Systems and Information Technology},
keywords = {fault diagnostics,induction motor model,rotor broken bar,rotor broken bar model,squirrel cage induction motor},
title = {{Proposed Fault Diagnostics of a Brotor Bar Induction Motor Fed from PWM Inverter}},
year = {2016}
}
@article{Pons-llinares2016,
author = {Pons-llinares, Joan and Riera-guasp, Mart{\'{i}}n and Antonino-daviu, Jose A and Habetler, Thomas G},
file = {:C$\backslash$:/Users/aow/Desktop/elsevier/2016{\_}Pursuing optimal electric machines transient diagnosis.pdf:pdf},
issn = {0888-3270},
journal = {Mech. Syst. Signal Process.},
keywords = {Fault diagnosis,Induction motors,Monitoring,Rotor broken bar,Signal analysis,Time-frequency analysis,Transient analysis,Wavelet transforms,time-frequency analysis},
pages = {553--569},
publisher = {Elsevier},
title = {{Pursuing Optimal Electric Machines Transient Diagnosis : The Adaptive Slope Transform}},
volume = {80},
year = {2016}
}
@article{Rai2016,
author = {Rai, Akhand and Upadhyay, S H},
file = {:C$\backslash$:/Users/aow/Desktop/elsevier/2016{\_}A review on signal processing techniques utilized in the fault diagnosis.pdf:pdf},
issn = {0301-679X},
journal = {Tribiology International},
keywords = {Diagnosis,Prognosis,Rolling element bearings,Signal processing,rolling element bearings},
pages = {289--306},
publisher = {Elsevier},
title = {{Tribology International A Review on Signal Processing Techniques Utilized in the Fault Diagnosis of Rolling Element Bearings}},
volume = {96},
year = {2016}
}
@article{Romero-troncoso2016Rotor,
author = {Romero-troncoso, R J and Garcia-perez, A and Morinigo-sotelo, D and Duque-perez, O},
file = {:C$\backslash$:/Users/aow/Desktop/elsevier/2016{\_}Rotor unbalance and broken rotor bar detection in inverter-fed.pdf:pdf;:C$\backslash$:/Users/aow/Desktop/elsevier/2015{\_}Rotor unbalance and broken rotor bar detection in inverter-fed.pdf:pdf},
journal = {Electric Power Systems Research},
pages = {142--148},
title = {{Rotor Unbalance and Broken Rotor Bar Detection in Inverter-fed Induction Motors at Start-up and Steady-state Regimes by High-resolution Spectral Analysis}},
volume = {133},
year = {2016}
}
@inproceedings{Dingguo2015,
author = {Dingguo, Liu and Lu, Dingguo},
booktitle = {IFAC},
file = {:C$\backslash$:/Users/aow/Desktop/elsevier/2015{\_}ompressed sensing.pdf:pdf},
pages = {1451--1456},
title = {{Off-the-Grid Compressive Sensing for Broken-Rotor-Bar Fault Detection in Squirrel-Cage Induction Motors}},
volume = {21},
year = {2015}
}

@article{Gu2015,
author = {Gu, F and Wang, T and Alwodai, A and Tian, X and Shao, Y and Ball, A D},
file = {:C$\backslash$:/Users/aow/Desktop/elsevier/2014{\_}A new method of accurate broken rotor bar diagnosis.pdf:pdf;:C$\backslash$:/Users/aow/Desktop/elsevier/2014{\_}A new method of accurate broken rotor bar diagnosis signal bi-spectrum.pdf:pdf},
journal = {Mech. Syst. Signal Process.},
pages = {400--413},
title = {{A New Method of Accurate Broken Rotor Bar Diagnosis based on Modulation Signal Bispectrum Analysis of Motor Current Signals}},
volume = {51},
year = {2015}
}
@misc{Kashiwagi2015,
author = {Kashiwagi, Masamori and Hugo, Mauro},
booktitle = {Case Studies in Mechanical Systems and Signal Processing},
file = {:C$\backslash$:/Users/aow/Desktop/elsevier/2015{\_}Rotor failure detection of induction motors by wavelet.pdf:pdf},
keywords = {rotating electrical machine},
pages = {15--26},
title = {{Rotor Failure Detection of Induction Motors by Wavelet Transform and Fourier Transform in Non-stationary Condition}},
volume = {1},
year = {2015}
}
@article{Shi2014new,
author = {Shi, Pu and Chen, Zheng and Vagapov, Yuriy and Zouaoui, Zoubir},
file = {:C$\backslash$:/Users/aow/Desktop/elsevier/2013{\_}A new diagnosis of broken rotor bar fault extent in three phase.pdf:pdf;:C$\backslash$:/Users/aow/Desktop/elsevier/2013{\_}A new diagnosis of broken rotor bar fault extent in three phase SCIM.pdf:pdf},
issn = {0888-3270},
journal = {Mech. Syst. Signal Process.},
keywords = {,Broken rotor bar,Coupled magnetic circuits,Current spectrum,Induction machines,Wavelet transforms},
number = {1-2},
pages = {388--403},
publisher = {Elsevier},
title = {{A New Diagnosis of Broken Rotor Bar Fault Extent in Three Phase Squirrel Cage Induction Motor}},
volume = {42},
year = {2014}
}
@article{Talhaoui2014,
author = {Talhaoui, Hicham and Menacer, Arezki and Kessal, Abdelhalim and Kechida, Ridha},
file = {:C$\backslash$:/Users/aow/Desktop/elsevier/2014{\_}Fast Fourier and discrete wavelet transforms applied to sensorless brb.pdf:pdf},
journal = {ISA Transactions journal},
pages = {1639--1649},
title = {{Fast Fourier and Discrete Wavelet Transforms Applied to Sensorless Vector Control Induction Motor for Rotor Bar Faults Diagnosis}},
volume = {53},
year = {2014}
}
@article{Bouleux2013,
author = {Bouleux, Guillaume},
file = {:C$\backslash$:/Users/aow/Desktop/elsevier/2013{\_}Oblique projection pre-processing and TLS application.pdf:pdf},
issn = {0888-3270},
journal = {Mech. Syst. Signal Process.},
keywords = {Fault diagnosis,Frequency estimation,Induction machine,Motor current signal analysis,Rotor bars},
number = {1-2},
pages = {301--312},
publisher = {Elsevier},
title = {{Oblique Projection Pre-processing and TLS Application for Diagnosing Rotor Bar Defects by Improving Power Spectrum Estimation}},
volume = {41},
year = {2013}
}
@article{Pires2013,
author = {Pires, V Fern{\~{a}}o and Kadivonga, Manuel and Martins, J F and Pires, A J},
file = {:C$\backslash$:/Users/aow/Desktop/elsevier/2012{\_}Motor square current signature analysis for induction motor.pdf:pdf},
journal = {Measurement},
pages = {942--948},
title = {{Motor Square Current Signature Analysis for Induction Motor Rotor Diagnosis}},
volume = {46},
year = {2013}
}
@article{Saidi2013,
author = {Saidi, L and Fnaiech, F and Henao, H and Capolino, G-a and Cirrincione, G},
file = {:C$\backslash$:/Users/aow/Desktop/elsevier/2013{\_}Diagnosis of broken-bars fault in induction machines using higher ordr spectra.pdf:pdf},
journal = {ISA Transactions journal},
pages = {140--148},
title = {{Diagnosis of Broken-bars Fault in Induction Machines using Higher Order Spectral Analysis}},
volume = {52},
year = {2013}
}
@article{Seera2013,
author = {Seera, Manjeevan and Peng, Chee and Ishak, Dahaman and Singh, Harapajan},
file = {:C$\backslash$:/Users/aow/Desktop/elsevier/2012{\_}Offline and online fault detection and diagnosis of induction motors.pdf:pdf},
journal = {Applied Soft Computing},
keywords = {classification and regression tree,fault detection and diagnosis,fuzzy min-max neural network},
pages = {4493--4507},
title = {{Offline and Online Fault Detection and Diagnosis of Induction Motors using a Hybrid Soft Computing Model}},
volume = {13},
year = {2013}
}
@article{Tran2013,
author = {Tran, Van Tung and Althobiani, Faisal and Ball, Andrew and Choi, Byeong-keun},
file = {:C$\backslash$:/Users/aow/Desktop/elsevier/2013{\_}An application to transient current signal based induction motor fault.pdf:pdf},
journal = {Expert Systems with Applications journal},
pages = {5372--5384},
title = {{Expert Systems with Applications An application to transient current signal based induction motor fault diagnosis of Fourier – Bessel expansion and simplified fuzzy ARTMAP}},
volume = {40},
year = {2013}
}
@article{Climente-alarcon2012,
author = {Climente-alarcon, V and Antonino-daviu, J A and Riera-guasp, M and Puche-panadero, R and Escobar, L},
file = {:C$\backslash$:/Users/aow/Desktop/elsevier/2012{\_}Application of the Wigner–Ville distribution for the detection of rotor.pdf:pdf},
journal = {Electric power systems research},
keywords = {frequency analysis,time},
pages = {28--36},
title = {{Application of the Wigner – Ville distribution for the Detection of Rotor Asymmetries and Eccentricity through High-order Harmonics}},
volume = {91},
year = {2012}
}
@article{Mehrjou2011,
author = {Mehrjou, Mohammad Rezazadeh and Mariun, Norman and Marhaban, Mohammad Hamiruce},
file = {:C$\backslash$:/Users/aow/Desktop/elsevier/2014{\_}Rotor fault condition monitoring techniques for squirrel-cage.pdf:pdf},
issn = {0888-3270},
journal = {Mech. Syst. Signal Process.},
keywords = {Broken rotor bar,Condition monitoring,Diagnostics,Fault detection,Maintenance,Squirrel cage induction machines,condition monitoring,squirrel cage induction machines},
number = {8},
pages = {2827--2848},
publisher = {Elsevier},
title = {{Rotor Fault Condition Monitoring Techniques for Squirrel-cage Induction Machine — A Review}},
volume = {25},
year = {2011}
}

@article{ghorbanian2015survey,
  title={A Survey on Tand Frequency Characteristics of Induction Motors with Broken Rotor Bars in Line-start and Inverter-fed Modes},
  author={Ghorbanian, Vahid and Faiz, Jawad},
  journal = {Mech. Syst. Signal Process.},
  volume={54},
  pages={427--456},
  year={2015},
  publisher={Elsevier}
}

@article{he2016identification,
  title={Identification of Multiple Faults in Rotating Machinery based on Minimum Entropy Deconvolution Combined with Spectral Kurtosis},
  author={He, Dan and Wang, Xiufeng and Li, Shancang and Lin, Jing and Zhao, Ming},
  journal = {Mech. Syst. Signal Process.},
  year={2016},
  publisher={Elsevier}
}

@article{chen2016wavelet,
  title={Wavelet Transform based on Inner Product in Fault Diagnosis of Rotating Machinery: A Review},
  author={Chen, Jinglong and Li, Zipeng and Pan, Jun and Chen, Gaige and Zi, Yanyang and Yuan, Jing and Chen, Binqiang and He, Zhengjia},
  journal = {Mech. Syst. Signal Process.},
  volume={70},
  pages={1--35},
  year={2016},
  publisher={Elsevier}
}

@article{choqueuse2015induction,
  title={Induction Machine Faults Detection using Stator Current Parametric Spectral Estimation},
  author={Choqueuse, Vincent and Benbouzid, Mohamed and others},
  journal = {Mech. Syst. Signal Process.},
  volume={52},
  pages={447--464},
  year={2015},
  publisher={Elsevier}
}

@article{bouleux2013oblique,
  title={Oblique Projection Pre-processing and TLS Application for Diagnosing Rotor Bar Defects by Improving Power Spectrum Estimation},
  author={Bouleux, Guillaume},
  journal = {Mech. Syst. Signal Process.},
  volume={41},
  number={1},
  pages={301--312},
  year={2013},
  publisher={Elsevier}
}