@article{samanta2020direct,
  title={{Direct Estimation of Multiple Time-Varying Frequencies of Non-Stationary Signals}},
  author={Samanta, Anik Kumar and Routray, Aurobinda and Khare, Swanand R and Naha, Arunava},
  journal={Signal Process.},
  volume={169},
  pages={107384},
  year={2020},
  publisher={Elsevier}
}