@article{samanta2018fast,
  title={{Fast and Accurate Spectral Estimation for Online Detection of Partial Broken Bar in Induction Motors}},
  author={Samanta, Anik Kumar and Naha, Arunava and Routray, Aurobinda and Deb, Alok Kanti},
  journal={Mech. Syst. Signal Process.},
  volume={98},
  pages={63--77},
  year={2018},
  publisher={Elsevier}
}